@article{regulating2011judging,
  title={Judging nudging: can nudging improve population health},
  author={Regulating, Nudging},
  journal={Bmj},
  volume={342},
  pages={263},
  year={2011}
}